<?xml version="1.0" encoding="UTF-8"?><collection xmlns="http://www.loc.gov/MARC21/slim"><record><leader>00408nam--2200145-i-4500</leader><controlfield tag="001">000039225</controlfield><controlfield tag="002">20161230</controlfield><controlfield tag="005">20161230201042</controlfield><controlfield tag="008">060222s1000------------r-----000-0-eng-d</controlfield><datafield ind1=" " ind2=" " tag="080"><subfield code="a">51.01:517.1</subfield></datafield><datafield ind1=" " ind2=" " tag="100"><subfield code="a">Robinson, Abraham</subfield></datafield><datafield ind1=" " ind2=" " tag="245"><subfield code="a">On the metamathematics of algebra</subfield></datafield><datafield ind1=" " ind2=" " tag="260"><subfield code="a">Amsterdam, North-holland, 1951, X + 195p</subfield></datafield><datafield ind1=" " ind2=" " tag="490"><subfield code="a">Studies In Logic And The Foundations Of Mathematics</subfield></datafield><datafield ind1=" " ind2=" " tag="852"><subfield code="a">11692</subfield></datafield></record></collection>